@article{abers,
  title={Plate structure and the origin of double seismic zones},
  author={Abers, Geoffrey A},
  journal={Subduction},
  pages={223--228},
  year={1996},
  publisher={Wiley Online Library}
}

@article{helffrich,
  title={Subducted lithospheric slab velocity structure: Observations and mineralogical inferences},
  author={Helffrich, George},
  journal={Washington DC American Geophysical Union Geophysical Monograph Series},
  volume={96},
  pages={215--222},
  year={1996}
}

@article{peacock,
  title={Thermal and petrologic structure of subduction zones},
  author={Peacock, Simon M},
  journal={Subduction: top to bottom},
  volume={96},
  pages={119--133},
  year={1996},
  publisher={Wiley Online Library}
}

@article{ruff_large,
  title={Large earthquakes in subduction zones: Segment interaction and recurrence times},
  author={Ruff, Larry J},
  journal={Subduction: Top to bottom},
  volume={96},
  pages={91--104},
  year={1996},
  publisher={Wiley Online Library}
}

@article{ruff_controls,
  title={What controls the seismogenic plate interface in subduction zones?},
  author={Ruff, Larry J and Tichelaar, Bart W},
  journal={Subduction: Top to bottom},
  volume={96},
  pages={105--111},
  year={1996},
  publisher={Wiley Online Library}
}

@article{stein,
  title={Thermo-mechanical evolution of oceanic lithosphere: Implications for the subduction process and deep earthquakes},
  author={Stein, Seth and Stein, Carol A},
  journal={Washington DC American Geophysical Union Geophysical Monograph Series},
  volume={96},
  pages={1--17},
  year={1996}
}

@article{seno,
  title={Double seismic zones, compressional deep trench-outer rise events, and superplumes},
  author={Seno, Tetsuzo and Yamanaka, Yoshiko},
  journal={Subduction: top to bottom},
  volume={96},
  pages={347--355},
  year={1996},
  publisher={Wiley Online Library}
}

@article{wysession,
  title={Imaging cold rock at the base of the mantle: The sometimes fate of slabs?},
  author={Wysession, Michael E},
  journal={Subduction},
  pages={369--384},
  year={1996},
  publisher={Wiley Online Library}
}

@article{horvath,
  title={Wegener-centen{\'a}rium: Megsz{\"u}letett-e a kontinensv{\'a} ndorl{\'a}s Newtonja?},
  author={Horv{\'a}th, F},
  journal={Magyar Geofizika},
  volume={53},
  number={4},
  pages={281--293},
  year={2012},
  publisher={Association of Hungarian Geophysicists}
}
